@inproceedings{Cooprider:2007ub,
	author = {Cooprider, N and Archer, W and Eide, E and Gay, D},
	title = {{Efficient memory safety for TinyOS}},
	booktitle = {Sensys '07},
	year = {2007},
}

@phdthesis{Evers:2010ur,
	author = {Evers, Leon},
	title = {{Concise and Flexible Programming of Wireless Sensor Networks}},
	school = {University of Twente},
	year = {2010},
	affiliation = {University of Twente},
}

@inproceedings{Wahbe:1994cj,
	author = {Wahbe, Robert and Lucco, Steven and Anderson, Thomas E and Graham, Susan L},
	title = {{Efficient software-based fault isolation}},
	booktitle = {SOSP '93},
	year = {1993},
}

@inproceedings{Gu:2006ww,
	author = {Gu, Lin and Stankovic, John A},
	title = {{t-kernel: providing reliable OS support to wireless sensor networks}},
	booktitle = {SenSys '06},
	year = {2006},
}

@inproceedings{Kumar:2007ge,
	author = {Kumar, Ram and Kohler, Eddie and Srivastava, Mani},
	title = {{Harbor: software-based memory protection for sensor nodes}},
	booktitle = {IPSN '07},
	year = {2007},
}

@inproceedings{Condit:2007uo,
	author = {Condit, Jeremy and Harren, Matthew and Anderson, Zachary and Gay, David and Necula, George C},
	title = {{Dependent Types for Low-Level Programming}},
	booktitle = {Proceeding ESOP'07 Proceedings of the 16th European Symposium on Programming},
	year = {2007},
	pages = {520--535},
	month = mar,
}

@inproceedings{reijers2017aot,
  title={Ahead-of-Time Compilation of Stack-Based JVM Bytecode on Resource-Constrained Devices},
  author={Reijers, Niels and Shih, Chi-Sheng},
  booktitle={EWSN},
  year={2017},
}

@article{reijers2017aot-journal,
	title={{Improved Ahead-of-Time Compilation of Stack-Based JVM~Bytecode on Resource-Constrained Devices}},
	author={Reijers, Niels and Shih, Chi-Sheng},
	year={2017},
	note={arXiv:1712.05590},
}

@techreport{wheeler1998xxtea,
    title = {{XXTEA: Correction to XTEA}},
    author = {Wheeler, David and Needham, Roger},
    year = {1998},
    institution = {Computer Laboratory, University of Cambridge}
}

@inproceedings{aslam2010optimized,
	title={{Optimized Java Binary and Virtual Machine for Tiny Motes}},
	author={Aslam, Faisal and Fennell, Luminous and Schindelhauer, Christian and Thiemann, Peter and Ernst, Gidon and Haussmann, Elmar and R{\"u}hrup, Stefan and Uzmi, Zastash A},
	booktitle={DCOSS},
	year={2010},
}

@online{coremark,
    title = {CoreMark 1.0},
    author = {The Embedded Microprocessor Benchmark Consortium},
    url = {http://www.eembc.org/coremark},
    year = {2017},
    lastaccessed = {Oct 24, 2017}
}

@article{cldc1.1,
  title = {{Connected Limited Device Configuration Specification Version 1.1}},
  month = {March},
  year = {2003},
  author = {{Sun Microsystems, Inc.}}
}

@online{proguard,
    title = {ProGuard 5.3.2},
    author = {Guard Square},
    url = {https://sourceforge.net/projects/proguard/},
    year = {2016},
    lastaccessed = {Oct 24, 2017}
}


@inproceedings{brouwers2009darjeeling,
    author = {Brouwers, Niels and Langendoen, Koen and Corke, Peter},
    title = {{Darjeeling, A Feature-rich VM for the Resource Poor}},
    booktitle = {SENSYS},
    year = {2009},
}

